@ARTICLE{DUMMY:1,
AUTHOR="Grimson, W.E.L.,& J.L. Mundy ",
TITLE="Computer vision applications",
JOURNAL="Communications of the ACM",
YEAR="Mar. 1994",
PAGES="45+.Academic OneFile, Accessed 11 Apr. 2017",
RETRIEVED="Accessed 11 Apr. 2017"
}

@ARTICLE{
DUMMY:2,
AUTHOR="S Harris",
TITLE="Physical	and	Environmental Security",
JOURNAL="In	 CISSP Exam Guide",
PAGES= "6th	ed., pp.427-502 USA	McGraw-Hill",
YEAR="2013",
PUBLISHED BY="USA	McGraw-Hill",

}

@ARTICLE{
	DUMMY:3,
	AUTHOR="Mohan. Trivedi",
	TITLE="Computer Vision for Homeland Security",
	JOURNAL="University of California",
	CITY="San Diego",
	YEAR="2010",
	
}
@ARTICLE{
	DUMMY:4,
	AUTHOR="Ballard. Brown",
	TITLE="Computers for Cyber Crimes ",
	JOURNAL="University of California",
	CITY="califonia",
	YEAR="2010",
}